<record><leader>00000cas a22000007a 4500</leader><controlfield tag="001">9699995</controlfield><controlfield tag="008">830713d19051909ksuwr ne      0    0eng d</controlfield><controlfield tag="009">3789</controlfield><datafield ind1=" " ind2=" " tag="010"><subfield code="a">sn 83040380 </subfield></datafield><datafield ind1=" " ind2=" " tag="040"><subfield code="a">KSH</subfield><subfield code="b">eng</subfield><subfield code="c">KSH</subfield><subfield code="d">NPT</subfield></datafield><datafield ind1="1" ind2=" " tag="029"><subfield code="a">AU@</subfield><subfield code="b">000025795625</subfield></datafield><datafield ind1=" " ind2=" " tag="042"><subfield code="a">msc</subfield></datafield><datafield ind1=" " ind2=" " tag="043"><subfield code="a">n-us-ks</subfield></datafield><datafield ind1="0" ind2=" " tag="130"><subfield code="a">Trackman (Fort Scott, Kan. : 1905)</subfield></datafield><datafield ind1="0" ind2="4" tag="245"><subfield code="a">The trackman.</subfield></datafield><datafield ind1=" " ind2=" " tag="260"><subfield code="a">Fort Scott, Kan. :</subfield><subfield code="b">National Union of Railway Trackmen,</subfield><subfield code="c">1905-</subfield></datafield><datafield ind1=" " ind2=" " tag="300"><subfield code="a">v. ;</subfield><subfield code="c">60 cm.</subfield></datafield><datafield ind1=" " ind2=" " tag="310"><subfield code="a">Weekly</subfield></datafield><datafield ind1="0" ind2=" " tag="362"><subfield code="a">Vol. 2, no. 10 (Apr. 5, 1905)-</subfield></datafield><datafield ind1="1" ind2=" " tag="362"><subfield code="a">Ceased with Aug. 20, 1909 issue?</subfield></datafield><datafield ind1=" " ind2=" " tag="550"><subfield code="a">Official organ of: National Union of Railway Trackmen.</subfield></datafield><datafield ind1=" " ind2=" " tag="500"><subfield code="a">Editor: J.I. Sheppard.</subfield></datafield><datafield ind1=" " ind2=" " tag="580"><subfield code="a">Continues the periodical: Trackman.</subfield></datafield><datafield ind1="1" ind2=" " tag="700"><subfield code="a">Sheppard, J. I.</subfield></datafield><datafield ind1="2" ind2=" " tag="710"><subfield code="a">National Union of Railway Trackmen.</subfield></datafield><datafield ind1=" " ind2=" " tag="752"><subfield code="a">United States</subfield><subfield code="b">Kansas</subfield><subfield code="c">Bourbon</subfield><subfield code="d">Fort Scott.</subfield></datafield><datafield ind1="1" ind2="0" tag="780"><subfield code="t">Trackman</subfield></datafield></record>